<?xml version="1.0"?>
<marc:collection xmlns:marc="http://www.loc.gov/MARC21/slim" xmlns:xsi="http://www.w3.org/2001/XMLSchema-instance" xsi:schemaLocation="http://www.loc.gov/MARC21/slim http://www.loc.gov/standards/marcxml/schema/MARC21slim.xsd">
   <marc:record type="Bibliographic">
      <marc:leader>01270cam a2200313 a 4500</marc:leader>
      <marc:controlfield tag="001">371568</marc:controlfield>
      <marc:controlfield tag="003">NjP</marc:controlfield>
      <marc:controlfield tag="005">20140218154903.0</marc:controlfield>
      <marc:controlfield tag="008">870506m19009999sy       b    00110 arar </marc:controlfield>
      <marc:datafield tag="024" ind1="7" ind2=" ">
         <marc:subfield code="a">princeton_aco000003</marc:subfield>
         <marc:subfield code="2">local</marc:subfield>
      </marc:datafield>
      <marc:datafield tag="010" ind1=" " ind2=" ">
         <marc:subfield code="a">   77960780/NE </marc:subfield>
      </marc:datafield>
      <marc:datafield tag="035" ind1=" " ind2=" ">
         <marc:subfield code="a">(OCoLC)13643439</marc:subfield>
      </marc:datafield>
      <marc:datafield tag="035" ind1=" " ind2=" ">
         <marc:subfield code="a">(CStRLIN)NJPG87-B20819</marc:subfield>
      </marc:datafield>
      <marc:datafield tag="035" ind1=" " ind2=" ">
         <marc:subfield code="9">ABU6998TS</marc:subfield>
      </marc:datafield>
      <marc:datafield tag="040" ind1=" " ind2=" ">
         <marc:subfield code="d">CStRLIN</marc:subfield>
         <marc:subfield code="d">NjP</marc:subfield>
      </marc:datafield>
      <marc:datafield tag="043" ind1=" " ind2=" ">
         <marc:subfield code="a">ma-----</marc:subfield>
      </marc:datafield>
      <marc:datafield tag="050" ind1="0" ind2=" ">
         <marc:subfield code="a">PJ6101.S53</marc:subfield>
         <marc:subfield code="b">S5 1976</marc:subfield>
      </marc:datafield>
      <marc:datafield tag="100" ind1="1" ind2=" ">
         <marc:subfield code="a">Si&#x304;ra&#x304;fi&#x304;, Yu&#x304;suf ibn al-H&#x323;asan,</marc:subfield>
         <marc:subfield code="d">941-995.</marc:subfield>
      </marc:datafield>
      <marc:datafield tag="245" ind1="1" ind2="0">
         <marc:subfield code="a">Sharh&#x323; abya&#x304;t Si&#x304;bawayh /</marc:subfield>
         <marc:subfield code="c">ta&#x2BE;li&#x304;f Abi&#x304; Muh&#x323;ammad Yu&#x304;suf ibn Abi&#x304; Sa&#x2BB;i&#x304;d al-Si&#x304;ra&#x304;fi&#x304; ; h&#x323;aqqaqahu wa-qaddama la-hu Muh&#x323;ammad &#x2BB;Ali&#x304; Sult&#x323;a&#x304;ni&#x304;.</marc:subfield>
      </marc:datafield>
      <marc:datafield tag="260" ind1=" " ind2=" ">
         <marc:subfield code="a">Dimashq :</marc:subfield>
         <marc:subfield code="b">Majma&#x2BB; al-Lughah al-&#x2BB;Arabi&#x304;yah,</marc:subfield>
         <marc:subfield code="c">1976-</marc:subfield>
      </marc:datafield>
      <marc:datafield tag="300" ind1=" " ind2=" ">
         <marc:subfield code="a">v. ;</marc:subfield>
         <marc:subfield code="c">25 cm.</marc:subfield>
      </marc:datafield>
      <marc:datafield tag="504" ind1=" " ind2=" ">
         <marc:subfield code="a">Bibliography: v. 2, p. 636-653.</marc:subfield>
      </marc:datafield>
      <marc:datafield tag="500" ind1=" " ind2=" ">
         <marc:subfield code="a">Includes indexes.</marc:subfield>
      </marc:datafield>
      <marc:datafield tag="600" ind1="0" ind2="0">
         <marc:subfield code="a">Si&#x304;bawayh, Amr ibn Uthma&#x304;n,</marc:subfield>
         <marc:subfield code="d">8th cent.</marc:subfield>
         <marc:subfield code="t">Kita&#x304;b.</marc:subfield>
      </marc:datafield>
      <marc:datafield tag="650" ind1=" " ind2="0">
         <marc:subfield code="a">Arabic poetry</marc:subfield>
         <marc:subfield code="x">History and criticism</marc:subfield>
         <marc:subfield code="x">Early works to 1800.</marc:subfield>
      </marc:datafield>
      <marc:datafield tag="700" ind1="1" ind2=" ">
         <marc:subfield code="a">Sult&#x323;a&#x304;ni&#x304;, Muh&#x323;ammad &#x2BB;Ali&#x304;.</marc:subfield>
      </marc:datafield>
      <marc:datafield tag="700" ind1="1" ind2="2">
         <marc:subfield code="a">Si&#x304;bawayh, &#x2BB;Amr ibn &#x2BB;Uthma&#x304;n,</marc:subfield>
         <marc:subfield code="d">active 8th century.</marc:subfield>
         <marc:subfield code="t">Kita&#x304;b.</marc:subfield>
      </marc:datafield>
      <marc:datafield tag="852" ind1="0" ind2=" ">
         <marc:subfield code="b">nec</marc:subfield>
         <marc:subfield code="h">PJ6101.S53</marc:subfield>
         <marc:subfield code="i">S5 1976</marc:subfield>
         <marc:subfield code="p">405859</marc:subfield>
         <marc:subfield code="x">reclassed from: 2274.88.926 1977</marc:subfield>
      </marc:datafield>
      <marc:datafield tag="998" ind1=" " ind2=" ">
         <marc:subfield code="a">07/31/87</marc:subfield>
         <marc:subfield code="s">9110</marc:subfield>
         <marc:subfield code="n">NjP</marc:subfield>
         <marc:subfield code="w">DCLC77960780B</marc:subfield>
         <marc:subfield code="d">05/06/87</marc:subfield>
         <marc:subfield code="c">DGH</marc:subfield>
         <marc:subfield code="b">DGH</marc:subfield>
         <marc:subfield code="i">870731</marc:subfield>
         <marc:subfield code="l">NJPG</marc:subfield>
      </marc:datafield>
      <marc:datafield tag="911" ind1=" " ind2=" ">
         <marc:subfield code="a">19921028</marc:subfield>
      </marc:datafield>
      <marc:datafield tag="912" ind1=" " ind2=" ">
         <marc:subfield code="a">19990928043558.0</marc:subfield>
      </marc:datafield>
   </marc:record>
</marc:collection>
